@article{Ganeriwala2023Cross,
  title   = {Cross Dataset Analysis and Network Architecture Repair for Autonomous Car Lane Detection*},
  author  = {Parth Ganeriwala and S. Bhattacharyya and Raja Muthalagu},
  journal = {2023 IEEE Intelligent Vehicles Symposium (IV)},
  year    = {2023},
  doi     = {10.1109/IV55152.2023.10186721}
}

@article{He2021Fast,
  title   = {Fast and Accurate Lane Detection via Frequency Domain Learning},
  author  = {Yulin He and Wei Chen and Zhengfa Liang and Dan-Liang Chen and Yusong Tan and Xin Luo and Chen Li and Yulan Guo},
  journal = {Proceedings of the 29th ACM International Conference on Multimedia},
  year    = {2021},
  doi     = {10.1145/3474085.3475267}
}

@article{Zheng2020RESA,
  title   = {RESA: Recurrent Feature-Shift Aggregator for Lane Detection},
  author  = {Tu Zheng and Haoyang Fang and Yi Zhang and Wenjian Tang and Zheng Yang and Haifeng Liu and Deng Cai},
  journal = {Proceedings of the AAAI Conference on Artificial Intelligence},
  year    = {2020},
  doi     = {10.1609/aaai.v35i4.16469}
}

@article{Li2024Enhanced,
  title   = {Enhanced SCNN-Based Hybrid Spatial-Temporal Lane Detection Model for Intelligent Transportation Systems},
  author  = {Jingang Li and Chenxu Ma and Yonghua Han and Haibo Mu and Lurong Jiang},
  journal = {IEEE Access},
  year    = {2024},
  volume  = {12},
  doi     = {10.1109/ACCESS.2024.3373203}
}
@article{Xu2024Exploring,
  title   = {Exploring key modules in lane detection through comparing two updated models},
  author  = {Haoxiang Xu and Yushuo Xu and Skye Shen},
  journal = {Applied and Computational Engineering},
  year    = {2024},
  doi     = {10.54254/2755-2721/43/20230840}
}

@article{Long2021The,
  title   = {The geometric attention-aware network for lane detection in complex road scenes},
  author  = {Jianwu Long and ZeRan Yan and Lang Peng and Tong Li},
  journal = {PLoS ONE},
  year    = {2021},
  volume  = {16},
  doi     = {10.1371/journal.pone.0254521}
}

@article{Lee2021Robust,
  title   = {Robust Lane Detection via Expanded Self Attention},
  author  = {Minhyeok Lee and Junhyeop Lee and Dogyoon Lee and Woojin Kim and Sangwon Hwang and Sangyoun Lee},
  journal = {2022 IEEE/CVF Winter Conference on Applications of Computer Vision (WACV)},
  year    = {2021},
  doi     = {10.1109/WACV51458.2022.00201}
}
@article{Liu2024Fast,
  title   = {Fast Lane Detection Method Based on Improved Multi-branch Residual Network},
  author  = {Hao Liu and Deying Gu and Fanwei Meng},
  journal = {2024 36th Chinese Control and Decision Conference (CCDC)},
  year    = {2024},
  doi     = {10.1109/CCDC62350.2024.10587604}
}

@article{Zhou2024Unsupervised,
  title   = {Unsupervised Domain Adaptive Lane Detection via Contextual Contrast and Aggregation},
  author  = {Kunyang Zhou and Yunjian Feng and Jun Li},
  journal = {ArXiv},
  year    = {2024},
  volume  = {abs/2407.13328},
  doi     = {10.48550/arXiv.2407.13328}
}
@article{Zhao2024StructLane,
  title   = {StructLane: Leveraging Structural Relations for Lane Detection},
  author  = {Linqing Zhao and Wenzhao Zheng and Yunpeng Zhang and Jie Zhou and Jiwen Lu},
  journal = {IEEE Transactions on Image Processing},
  year    = {2024},
  volume  = {33},
  doi     = {10.1109/TIP.2024.3407675}
}
@article{Lin2021Semi-Supervised,
  title   = {Semi-Supervised Lane Detection With Deep Hough Transform},
  author  = {Yancong Lin and S. Pintea and J. V. Gemert},
  journal = {2021 IEEE International Conference on Image Processing (ICIP)},
  year    = {2021},
  doi     = {10.1109/ICIP42928.2021.9506299}
}
@article{Chen2021Deep,
  title   = {Deep Neural Network Based Vehicle and Pedestrian Detection for Autonomous Driving: A Survey},
  author  = {Long Chen and Shaobo Lin and Xiankai Lu and Dongpu Cao and Hangbin Wu and Chi Guo and Chun Liu and Fei-yue Wang},
  journal = {IEEE Transactions on Intelligent Transportation Systems},
  year    = {2021},
  volume  = {22},
  doi     = {10.1109/TITS.2020.2993926}
}
@article{Abdigapporov2022Performance,
  title   = {Performance Comparison of Backbone Networks for Multi-Tasking in Self-Driving Operations},
  author  = {Shakhboz Abdigapporov and Shokhrukh Miraliev and Jumabek Alikhanov and Vijay Kakani and Hakil Kim},
  journal = {2022 22nd International Conference on Control, Automation and Systems (ICCAS)},
  year    = {2022},
  doi     = {10.23919/ICCAS55662.2022.10003816}
}